@article{hecht1924visual,
  title={The visual discrimination of intensity and the Weber-Fechner law},
  author={Hecht, Selig},
  journal={The Journal of general physiology},
  volume={7},
  number={2},
  pages={235--267},
  year={1924},
  publisher={Rockefeller Univ Press}
}

@inproceedings{little2010turkit,
  title={Turkit: human computation algorithms on mechanical turk},
  author={Little, Greg and Chilton, Lydia B and Goldman, Max and Miller, Robert C},
  booktitle={Proceedings of the 23nd annual ACM symposium on User interface software and technology},
  pages={57--66},
  year={2010},
  organization={ACM}
}

@article{corensensation,
  title={Sensation and perception. 1999},
  author={Coren, S and Ward, LM and Enns, JT},
  journal={Hartcourt Brace, Forth Worth}
}

@article{bertin1983semiology,
  title={Semiology of graphics: diagrams, networks, maps},
  author={Bertin, Jacques},
  year={1983},
  publisher={University of Wisconsin press}
}

@article{fink2013selecting,
  title={Selecting the Aspect Ratio of a Scatter Plot Based on Its Delaunay Triangulation},
  author={Fink, Martin and Haunert, Jan-Henrik and Spoerhase, Joachim and Wolff, Alexander},
  journal={Visualization and Computer Graphics, IEEE Transactions on},
  volume={19},
  number={12},
  pages={2326--2335},
  year={2013},
  publisher={IEEE}
}

@article{choo2014enumeration,
  title={Enumeration of small collections violates Weber’s law},
  author={Choo, H and Franconeri, SL},
  journal={Psychonomic bulletin \& review},
  volume={21},
  number={1},
  pages={93--99},
  year={2014},
  publisher={Springer}
}

@book{henmon1906time,
  title={The time of perception as a measure of differences in sensations},
  author={Henmon, Vivian Allen Charles},
  number={8},
  year={1906},
  publisher={Science Press}
}

@article{li2010judging,
  title={Judging correlation from scatterplots and parallel coordinate plots},
  author={Li, Jing and Martens, Jean-Bernard and Van Wijk, Jarke J},
  journal={Information Visualization},
  volume={9},
  number={1},
  pages={13--30},
  year={2010},
  publisher={SAGE Publications}
}

@book{cleveland1982variables,
  title={Variables on scatterplots look more highly correlated when the scales are increased},
  author={Cleveland, William S and Diaconis, Persi and McGill, Robert},
  year={1982},
  publisher={Defense Technical Information Center}
}

@book{ware:2004:IVP,
  author = "Colin Ware",
  title = "Information Visualization: Perception for Design",
  edition = "second",
  year = 2004,
  publisher = "Morgan Kaufmann Publishers",
}

@book{sharma2002digital,
  author = {Sharma, G},
  title = "Digital color imaging handbook",
  volume = "11",
  year = 2002,
  publisher = "CRC"
}

@inproceedings{kosara2007visualization,
  title={Visualization criticism-the missing link between information visualization and art},
  author={Kosara, Robert},
  booktitle={Information Visualization, 2007. IV'07. 11th International Conference},
  pages={631--636},
  year={2007},
  organization={IEEE}
}

@article{zacks1999bars,
  title={Bars and lines: A study of graphic communication},
  author={Zacks, Jeff and Tversky, Barbara},
  journal={Memory \& Cognition},
  volume={27},
  number={6},
  pages={1073--1079},
  year={1999},
  publisher={Springer}
}

@article{munzner2009nested,
  title={A nested model for visualization design and validation},
  author={Munzner, Tamara},
  journal={Visualization and Computer Graphics, IEEE Transactions on},
  volume={15},
  number={6},
  pages={921--928},
  year={2009},
  publisher={IEEE}
}

@article{sedlmair2012taxonomy,
  title={A taxonomy of visual cluster separation factors},
  author={Sedlmair, Michael and Tatu, Andrada and Munzner, Tamara and Tory, Melanie},
  journal={Computer Graphics Forum},
  volume={31},
  number={3pt4},
  pages={1335--1344},
  year={2012},
  publisher={Blackwell Publishing Ltd}
}

@article{lam2012empirical,
  title={Empirical studies in information visualization: Seven scenarios},
  author={Lam, Heidi and Bertini, Enrico and Isenberg, Petra and Plaisant, Catherine and Carpendale, Sheelagh},
  journal={Visualization and Computer Graphics, IEEE Transactions on},
  volume={18},
  number={9},
  pages={1520--1536},
  year={2012},
  publisher={IEEE}
}

@article{mackinlay1986automating,
  title={Automating the design of graphical presentations of relational information},
  author={Mackinlay, Jock},
  journal={ACM Transactions on Graphics (TOG)},
  volume={5},
  number={2},
  pages={110--141},
  year={1986},
  publisher={ACM}
}

@article{mackinlay2007show,
  title={Show me: Automatic presentation for visual analysis},
  author={Mackinlay, Jock and Hanrahan, Pat and Stolte, Chris},
  journal={Visualization and Computer Graphics, IEEE Transactions on},
  volume={13},
  number={6},
  pages={1137--1144},
  year={2007},
  publisher={IEEE}
}

@inproceedings{heer2010crowdsourcing,
  title={Crowdsourcing graphical perception: using mechanical turk to assess visualization design},
  author={Heer, Jeffrey and Bostock, Michael},
  booktitle={Proceedings of the SIGCHI Conference on Human Factors in Computing Systems},
  pages={203--212},
  year={2010},
  organization={ACM}
}

@article{mason2012conducting,
  title={Conducting behavioral research on Amazon’s Mechanical Turk},
  author={Mason, Winter and Suri, Siddharth},
  journal={Behavior research methods},
  volume={44},
  number={1},
  pages={1--23},
  year={2012},
  publisher={Springer}
}

@article{heer2006multi,
  title={Multi-scale banking to 45 degrees},
  author={Heer, Jeffrey and Agrawala, Maneesh},
  journal={Visualization and Computer Graphics, IEEE Transactions on},
  volume={12},
  number={5},
  pages={701--708},
  year={2006},
  publisher={IEEE}
}

@article{cleveland1984graphical,
  title={Graphical perception: Theory, experimentation, and application to the development of graphical methods},
  author={Cleveland, William S and McGill, Robert},
  journal={Journal of the American Statistical Association},
  volume={79},
  number={387},
  pages={531--554},
  year={1984},
  publisher={Taylor \& Francis}
}

@inproceedings{lin2013selecting,
  title={Selecting Semantically-Resonant Colors for Data Visualization},
  author={Lin, Sharon and Fortuna, Julie and Kulkarni, Chinmay and Stone, Maureen and Heer, Jeffrey},
  booktitle={Computer Graphics Forum},
  volume={32},
  number={3pt4},
  pages={401--410},
  year={2013},
  organization={Wiley Online Library}
}

@article{harrower2003colorbrewer,
  title={Colorbrewer. org: An online tool for selecting colour schemes for maps},
  author={Harrower, Mark and Brewer, Cynthia A},
  journal={The Cartographic Journal},
  volume={40},
  number={1},
  pages={27--37},
  year={2003},
  publisher={Maney Publishing}
}

@article{demiralp2014visual,
  title={Visual Embedding: A Model for Visualization},
  author={Demiralp, Cagatay and Scheidegger, Carlos E and Kindlmann, Gordon L and Laidlaw, David H and Heer, Jeffrey},
  journal={Computer Graphics and Applications, IEEE},
  volume={34},
  number={1},
  pages={10--15},
  year={2014},
  publisher={IEEE}
}

@inproceedings{rensink2010perception,
  title={The perception of correlation in scatterplots},
  author={Rensink, Ronald A and Baldridge, Gideon},
  booktitle={Computer Graphics Forum},
  volume={29},
  number={3},
  pages={1203--1210},
  year={2010},
  organization={Wiley Online Library}
}

@incollection{rensink2014prospects,
  title={On the Prospects for a Science of Visualization},
  author={Rensink, Ronald A},
  booktitle={Handbook of Human Centric Visualization},
  pages={147--175},
  year={2014},
  publisher={Springer}
}

@book{ware2012information,
  title={Information visualization: perception for design},
  author={Ware, Colin},
  year={2012},
  publisher={Elsevier}
}

@incollection{carpendale2008evaluating,
  title={Evaluating information visualizations},
  author={Carpendale, Sheelagh},
  booktitle={Information Visualization},
  pages={19--45},
  year={2008},
  publisher={Springer}
}
